@book{bathe1996,
  author = "Klaus-Jürgen, Bathe",
  title = "Finite element procedures",
  year = "1996",
  publisher = "Prentice Hall",
  address = "New Jersey"
}

@book{zienkiewicz2005,
  author = "O.C., Zienkiewicz and R.L., Taylor and J.Z., Zhu",
  title = "The finite element method: its basis and fundamentals",
  year = "2005",
  publisher = "Elsevier - Butterworth-Heinemann",
  address = "Burlington"
}

@book{celigueta2011,
  author = "Juan Tomás, Celigüeta Lizarza",
  title = "Método de los elementos finitos para análisis estructural",
  year = "2011",
  publisher = "Tecnun",
  address = "San Sebastián"
}

@book{logan2007,
  author = "Daryl, Logan",
  title = "A first course in the finite element method",
  year = "2007",
  publisher = "Thomson",
  address = "United States"
}
